@online{hoadondientu,
  author    = {Tên tác giả},
  title     = {Tiêu đề của trang web},
  year      = {Năm},
  url       = {https://hoadondientu.gdt.gov.vn},
}

@online{misa,
  author    = {Tên tác giả},
  title     = {Tiêu đề của trang web},
  year      = {Năm},
  url       = {https://helpsme.misa.vn/2020/kb/quan-ly-hoa-don-dien-tu},
}

@online{dddpractitioners,
  author    = {Tên tác giả},
  title     = {Tiêu đề của trang web},
  year      = {Năm},
  url       = {https://ddd-practitioners.com/home/glossary},
}

@online{infoq,
  author    = {Tên tác giả},
  title     = {Tiêu đề của trang web},
  year      = {Năm},
  url       = {https://www.infoq.com/minibooks/domain-driven-design-quickly},
}

% Các nguồn tham khảo của tôi \cite{hoadondientu, misa, dddpractitioners, infoq}.

% \bibliographystyle{plain}
% \bibliography{references}